<?xml version="1.0" encoding="UTF-8"?><collection xmlns="http://www.loc.gov/MARC21/slim"><record><leader>00333nam--2200121-i-4500</leader><controlfield tag="001">000007388</controlfield><controlfield tag="002">20161230</controlfield><controlfield tag="005">20161230201027</controlfield><controlfield tag="008">060222s1000------------r-----000-0-eng-d</controlfield><datafield ind1=" " ind2=" " tag="100"><subfield code="a">Colton, R</subfield></datafield><datafield ind1=" " ind2=" " tag="245"><subfield code="a">The chemistry of rhenium and technetium</subfield></datafield><datafield ind1=" " ind2=" " tag="260"><subfield code="a">London, Interscience Publ., 1965</subfield></datafield><datafield ind1=" " ind2=" " tag="490"><subfield code="a">Interscience Monographs On Chemistry</subfield></datafield></record></collection>